@misc{underlying,
    author = "Harboufront Technologies",
    title = "Garman-Klass-Yang-Zhang Historical Volatility Calculation – Volatility Analysis in Python",
    journal = "Econometrics, Risk Management, Trading",
    month = "5",
    year = "2020",
    howpublished = "\url{https://harbourfronts.com/garman-klass-yang-zhang-historical-volatility-calculation-volatility-analysis-python/}",
    keywords = "quantitative finance"
}

@misc{BS, 
    author = "Suhail Saqan",
    title = "Black Scholes Model in Python for Predicting Options Premiums",
    month = "11",
    year = "2020",
    howpublished = "\url{https://medium.com/swlh/calculating-option-premiums-using-the-black-scholes-model-in-python-e9ed227afbee}",
    keywords = "quantitative finance"
}

@misc{MCDS,
    author = "Vatsal",
    title = "Monte Carlo Method Explained",
    month = "1",
    year = "2018",
    howpublished = "\url{https://towardsdatascience.com/monte-carlo-method-explained-8635edf2cf58}"
}

@misc{MCS, 
    author = "IBM Cloud Education", 
    title = "Monte Carlo Simulation", 
    month = "8", 
    year = "2020", 
    howpublished = "\url{https://www.ibm.com/cloud/learn/monte-carlo-simulation}"
}

@misc{RMSE,
    author = "David Christie and Simon P. Neill",
    title = "Root mean squared error", 
    journal = "Comprehensive Renewable Energy",
    volume = "2", 
    number = "8", 
    year = "2022",
    howpublished = "\url{https://www.sciencedirect.com/topics/engineering/root-mean-squared-error}"
}

@misc{MLIntro, 
    author = "Codrut-Florin Ivascu",
    title = "Option pricing using machine learning",
    journal = {Expert Systems with Applications},
    volume = {163},
    pages = {113799},
    year = {2021},
    howpublished = "\url{https://www.sciencedirect.com/science/article/abs/pii/S0957417420306187}"
}

@misc{OptionsIntro,
    author = "Lucas Downey", 
    title = "Stock Options Trading Guide", 
    month = "1", 
    year = "2022",
    howpublished = "\url{https://www.investopedia.com/options-basics-tutorial-4583012}"
}

@misc{BSDerivation,
  author = "Wikipedia", 
  title = "Black–scholes model",
  month = "5",
  year = "2022",
  howpublished = "\url{https://en.wikipedia.org/wiki/Black-Scholes_model}"
}
%Yang Zhang

@misc{YangZhang,
  author = "Dennis Yang and Qiang Zhang", 
  title = "Drift-Independent Volatility Estimation Based on High, Low, Open, and Close Prices",
  year = "2000",
  howpublished = "\url{https://doi.org/10.1086/209650}"
}

@misc{RogersSatchell,
  author = "L. C. G. Rogers and S. E. Satchell", 
  title = "Estimating Variance From High, Low and Closing Prices",
  year = "1991",
  howpublished = "\url{https://www.jstor.org/stable/2959703}"
}



